<?xml version="1.0" encoding="UTF-8"?><collection xmlns="http://www.loc.gov/MARC21/slim"><record><leader>00430nam--2200145-i-4500</leader><controlfield tag="001">000007995</controlfield><controlfield tag="002">20161230</controlfield><controlfield tag="005">20170305191001</controlfield><controlfield tag="008">060222s1000------------r-----000-0-eng-d</controlfield><datafield ind1=" " ind2=" " tag="100"><subfield code="a">Capone, T</subfield></datafield><datafield ind1=" " ind2=" " tag="245"><subfield code="a">A radiation survey inside and outside the cps tunnel to estimate the effectiveness of the roof shieldin</subfield></datafield><datafield ind1=" " ind2=" " tag="260"><subfield code="a">Bern</subfield><subfield code="b">Aerni-leuch</subfield><subfield code="c">1965</subfield></datafield><datafield ind1=" " ind2=" " tag="300"><subfield code="a">19 p. + 19 Fig</subfield></datafield><datafield ind1=" " ind2=" " tag="852"><subfield code="a">539.12.08</subfield></datafield><datafield ind1=" " ind2=" " tag="CAT"><subfield code="a">SYS</subfield><subfield code="c">20170305</subfield><subfield code="h">191001</subfield></datafield></record></collection>